%# -*- coding: utf-8-unix -*-

@online{SJTUThesis,
  title =        {上海交通大学学位论文LATEX模板},
  author =       {Wei Jianwen},
  year =         2016,
  url =          {https://github.com/weijianwen/SJTUThesis}
}

@book{Liu:88,
    title = {{边条翼与旋涡分离流}},
    author = {刘谋佶 and 吕志咏 and 丘成昊 and others},
    year = 1988,
    pages = "24--27",
    location = {北京},
    publisher = {北京航空学院出版社}
}

@book{Isidori:89,
    title = {Nonlinear control systems},
    author = {Isidori, A},
    edition = {2nd},
    location = {New York},
    publisher = {Springer Press},
    pages = "32--33"
}

@article{Fu:2000,
    title = {{二项分布参数整体推断方法}},
    author = {傅惠民},
    journal = {航空学报},
    year = 2000,
    volume = 21,
    number = 2,
    pages = "155--158"
}

@article{Moustafa:95,
    title = {Interaction of axisymmetric supersonic twin jets},
    author = {Moustafa, GH},
    journal = {AIAA J},
    year = 1995,
    volume = 33,
    number = 5,
    pages = "871--875"
}

@thesis{Zhu:96,
    title = {新型流体有限元法及叶轮机械正反混合问题},
    author = {辛希孟},
    location = {北京},
    publisher = {中国社会科学出版社},
    year = 1994
}

@thesis{Sun:83,
    title = {A study of helicopter rotor aerodynamics in ground effect},
    author = {Sun, M},
    location = {Princeton},
    publisher = {Princeton Univ},
    year = 1983
}

@proceedings{Xin:84,
    title = {信息技术与信息服务国际研讨会论文集},
    subtitle = {A集},
    author = {辛希孟},
    location = {北京},
    publisher = {中国社会科学出版社},
    year = 1994
}

@proceedings{Bei:97,
    title = {第九届高超声速气动力会议论文集},
    author = {北京空气动力研究所},
    location = {北京},
    publisher = {北京空气动力研究所},
    year = 1997
}

@inproceedings{Chen:97,
    title = {高超声速流绕双椭球的实验研究},
    author = {陈永康 and 李素循 and 李玉林},
%    usera = A,
    bookauthor = {北京空气动力研究所编},
    booktitle = {第九届高超声速气动力会议论文集},
    location = {北京},
    publisher = {北京空气动力研究所},
    year = 1997,
    pages = "9--14"
}

@inproceedings{Peng:97,
    title = {The study about the dynamics of the approach glide-down path control of the carrier aircraft},
    author = {Peng, J and Luo, XZ and Jin, CJ},
%    usera = A,
    bookauthor = {GONG Yao-nan ed},
    booktitle = {Proceedings of the Second Asian-Pacific Conference on Aerospace Technology and Science},
    location = {Beijing},
    publisher = {Chinese Society of Aeronautics and Astronautics},
    year = 1997,
    pages = "236--241"
}

@report{Kong:89,
    title = {FD-09风洞带地面板条件下的流场校测报告},
    author = {孔祥福},
    subtitle = {北京空气动力研究所技术报告 BG7-270},
    location = {北京},
    publisher = {北京空气动力研究所},
    date = {1989}
}

@report{Carl:73,
    title = {Analysis of fatigue, fatigue-crack propagation and fracture data},
    author = {Carl, EJ},
    publisher = {NASA CR-132332},
    date = {1973}
}


@book{Mile5007d,
    note = {standard},
    title = {航空涡轮喷气和涡轮风扇发动机通用规范},
    author = {MIL-E-5007 D},
    publisher = {美国空军},
    year = 1973
}

@book{gb7713-87,
    note = {standard},
    title = {科学技术报告、学位论文和学术论文的编写格式},
    author = {GB 7713-87},
}

@patent{Li:86,
    title = {反馈声抵消器},
    author = {黎志华 and 黎志军},
    number = {中国专利：ZL85100748},
    date = "1986--09--24"
}
    